<?xml version="1.0" encoding="UTF-8"?><record xmlns="http://www.loc.gov/MARC21/slim" xmlns:cinclude="http://apache.org/cocoon/include/1.0" xmlns:zs="http://www.loc.gov/zing/srw/">
  <leader>00522nz  a2200145n  4500</leader>
  <controlfield tag="001">no2007008581</controlfield>
  <controlfield tag="003">DLC</controlfield>
  <controlfield tag="005">20070127075156.0</controlfield>
  <controlfield tag="008">070124n| acannaabn          |n aaa     c</controlfield>
  <datafield tag="010" ind1=" " ind2=" ">
    <subfield code="a">no2007008581</subfield>
  </datafield>
  <datafield tag="035" ind1=" " ind2=" ">
    <subfield code="a">(OCoLC)oca07309630</subfield>
  </datafield>
  <datafield tag="040" ind1=" " ind2=" ">
    <subfield code="a">NbU</subfield>
    <subfield code="b">eng</subfield>
    <subfield code="c">NbU</subfield>
  </datafield>
  <datafield tag="100" ind1="1" ind2=" ">
    <subfield code="a">Demeo, Anna,</subfield>
    <subfield code="d">1973-</subfield>
  </datafield>
  <datafield tag="670" ind1=" " ind2=" ">
    <subfield code="a">Hemigrapsus sanguineus (Asian shore crab) as predator of juvenile Homarus americanus (American lobster), 2006:</subfield>
    <subfield code="b">t.p. (Anna Demeo)</subfield>
  </datafield>
  <datafield tag="670" ind1=" " ind2=" ">
    <subfield code="a">OCLC, Jan. 24, 2007</subfield>
    <subfield code="b">(hdgs: Demeo, Anna, 1973- , Demeo, Anna; usage: Anna Demeo)</subfield>
  </datafield>
</record>